@inproceedings{oates2000method,
  title={A method for clustering the experiences of a mobile robot that accords with human judgments},
  author={Oates, Tim and Schmill, Matthew D and Cohen, Paul R},
  booktitle={AAAI/IAAI},
  pages={846--851},
  year={2000}
}

@inproceedings{caracca2000discovering,
  title={Discovering similar patterns in time series},
  author={Cara{\c{c}}a-Valente, Juan P and L{\'o}pez-Chavarr{\'\i}as, Ignacio},
  booktitle={Proceedings of the sixth ACM SIGKDD international conference on Knowledge discovery and data mining},
  pages={497--505},
  year={2000},
  organization={ACM}
}

@article{rabiner1993fundamentals,
  title={Fundamentals of speech recognition},
  author={Rabiner, Lawrence and Juang, Biing-Hwang},
  year={1993},
  publisher={Prentice hall}
}

@article{yang2002detecting,
  title={Detecting faces in images: A survey},
  author={Yang, Ming-Hsuan and Kriegman, David J and Ahuja, Narendra},
  journal={Pattern Analysis and Machine Intelligence, IEEE Transactions on},
  volume={24},
  number={1},
  pages={34--58},
  year={2002},
  publisher={IEEE}
}

@book{sonka2014image,
  title={Image processing, analysis, and machine vision},
  author={Sonka, Milan and Hlavac, Vaclav and Boyle, Roger},
  year={2014},
  publisher={Cengage Learning}
}

@inproceedings{luo2014correlating,
  title={Correlating events with time series for incident diagnosis},
  author={Luo, Chen and Lou, Jian-Guang and Lin, Qingwei and Fu, Qiang and Ding, Rui and Zhang, Dongmei and Wang, Zhe},
  booktitle={Proceedings of the 20th ACM SIGKDD international conference on Knowledge discovery and data mining},
  pages={1583--1592},
  year={2014},
  organization={ACM}
}

@inproceedings{sun2014querying,
  title={Querying sequential software engineering data},
  author={Sun, Chengnian and Zhang, Haidong and Lou, Jian-Guang and Zhang, Hongyu and Wang, Qiang and Zhang, Dongmei and Khoo, Siau-Cheng},
  booktitle={Proceedings of the 22nd ACM SIGSOFT International Symposium on Foundations of Software Engineering},
  pages={700--710},
  year={2014},
  organization={ACM}
}

@book{mudelsee2013climate,
  title={Climate time series analysis},
  author={Mudelsee, Manfred},
  year={2013},
  publisher={Springer}
}

@book{granger2014forecasting,
  title={Forecasting economic time series},
  author={Granger, Clive William John and Newbold, Paul},
  year={2014},
  publisher={Academic Press}
}

@inproceedings{rakthanmanon2012searching,
  title={Searching and mining trillions of time series subsequences under dynamic time warping},
  author={Rakthanmanon, Thanawin and Campana, Bilson and Mueen, Abdullah and Batista, Gustavo and Westover, Brandon and Zhu, Qiang and Zakaria, Jesin and Keogh, Eamonn},
  booktitle={Proceedings of the 18th ACM SIGKDD international conference on Knowledge discovery and data mining},
  pages={262--270},
  year={2012},
  organization={ACM}
}
